@article{neves2022,
    title = {From Missing Data Imputation to Data Generation},
    journal = {Journal of Computational Science},
    volume = {61},
    pages = {101640},
    year = {2022},
    issn = {1877-7503},
    doi = {https://doi.org/10.1016/j.jocs.2022.101640},
    url = {https://www.sciencedirect.com/science/article/pii/S1877750322000618},
    author = {Diogo Telmo Neves and João Alves and Marcel Ganesh Naik and Alberto José Proença and Fabian Prasser}
}

@article{jadhav2019,
    author = {Anil Jadhav, Dhanya Pramod and Krishnan Ramanathan},
    title = {Comparison of Performance of Data Imputation Methods for Numeric Dataset},
    journal = {Applied Artificial Intelligence},
    volume = {33},
    number = {10},
    pages = {913--933},
    year = {2019},
    publisher = {Taylor \& Francis},
    doi = {10.1080/08839514.2019.1637138},
    URL = {https://doi.org/10.1080/08839514.2019.1637138}
}

@book{bellman-1961,
    author = {Bellman, Richard E.},
    month = {12},
    title = {{Adaptive control processes}},
    year = {1961},
    doi = {10.1515/9781400874668},
    url = {https://doi.org/10.1515/9781400874668},
}

@article{altman-2018,
    author = {Altman, Naomi and Krzywinski, Martin},
    journal = {Nature Methods},
    month = {5},
    number = {6},
    pages = {399--400},
    title = {{The curse(s) of dimensionality}},
    volume = {15},
    year = {2018},
    doi = {10.1038/s41592-018-0019-x},
    url = {https://doi.org/10.1038/s41592-018-0019-x},
}

@article{ogundowole-2021,
    author = {Ogundowole, Sogo},
    month = {12},
    title = {{Feature Engineering in Machine Learning (Part 1)}},
    year = {2021},
    url = {https://medium.com/hacktive-devs/feature-engineering-in-machine-learning-part-1-a3904769cd93},
}